@article{metropolis1953equation,
  title={Equation of state calculations by fast computing machines},
  author={Metropolis, Nicholas and Rosenbluth, Arianna W and Rosenbluth, Marshall N and Teller, Augusta H and Teller, Edward},
  journal={The journal of chemical physics},
  volume={21},
  number={6},
  pages={1087--1092},
  year={1953},
  publisher={American Institute of Physics}
}
@article{gao2018community,
  title={Community detection in degree-corrected block models},
  author={Gao, Chao and Ma, Zongming and Zhang, Anderson Y and Zhou, Harrison H and others},
  journal={Annals of Statistics},
  volume={46},
  number={5},
  pages={2153--2185},
  year={2018},
  publisher={Institute of Mathematical Statistics}
}

@article{saad2018community,
	title={Community detection with side information: Exact recovery under the stochastic block model},
	author={Saad, Hussein and Nosratinia, Aria},
	journal={IEEE Journal of Selected Topics in Signal Processing},
	volume={12},
	number={5},
	pages={944--958},
	year={2018},
	publisher={IEEE}
}
@article{nowicki2001estimation,
	title={Estimation and prediction for stochastic blockstructures},
	author={Nowicki, Krzysztof and Snijders, Tom A B},
	journal={Journal of the American statistical association},
	volume={96},
	number={455},
	pages={1077--1087},
	year={2001},
	publisher={Taylor \& Francis}
}

@article{mcmc,
	ISSN = {00063444},
	URL = {http://www.jstor.org/stable/2337551},
	abstract = {This paper studies the computational complexity of Markov chain Monte Carlo algorithms with finite-valued Markov random fields on a finite regular lattice as target distributions. We state conditions under which the complexity for approximate convergence is polynomial in n, the number of variables, approximate convergence takes time O(n log n) as n → ∞ if the target field satisfies certain spatial mixing conditions. Otherwise, if the field has a potential with finite interaction range independent of n, the complexity is exponential in ny, with $y < 1$, which is still more favourable than enumerating all the states. When the interaction range grows with n, the algorithms can converge exponentially in n. Analogous results are provided for an expectation approximated by an average along the chain.},
	author = {Arnoldo Frigessi and Fabio Martinelli and Julian Stander},
	journal = {Biometrika},
	number = {1},
	pages = {1--18},
	publisher = {[Oxford University Press, Biometrika Trust]},
	title = {Computational Complexity of Markov Chain Monte Carlo Methods for Finite Markov Random Fields},
	volume = {84},
	year = {1997}
}

@article{diaconis1998we,
	title={What do we know about the Metropolis algorithm?},
	author={Diaconis, Persi and Saloff-Coste, Laurent},
	journal={Journal of Computer and System Sciences},
	volume={57},
	number={1},
	pages={20--36},
	year={1998},
	publisher={Elsevier}
}
@inproceedings{abbe17sideinfo,
	author={A. R. {Asadi} and E. {Abbe} and S. {Verdú}},
	booktitle={2017 IEEE International Symposium on Information Theory (ISIT)}, 
	title={Compressing data on graphs with clusters}, 
	year={2017},
	volume={},
	number={},
	pages={1583-1587}
}

@inproceedings{esmaeili2019community,
	title={Community Detection with Side Information via Semidefinite Programming},
	author={Esmaeili, Mohammad and Saad, Hussein and Nosratinia, Aria},
	booktitle={2019 IEEE International Symposium on Information Theory (ISIT)},
	pages={420--424},
	year={2019},
	organization={IEEE}
}

@article{chen2016information,
	title={Information recovery from pairwise measurements},
	author={Chen, Yuxin and Suh, Changho and Goldsmith, Andrea J},
	journal={IEEE Transactions on Information Theory},
	volume={62},
	number={10},
	pages={5881--5905},
	year={2016},
	publisher={IEEE}
}
@article{Hajek16,
  title={Achieving exact cluster recovery threshold via semidefinite programming},
  author={Hajek, Bruce and Wu, Yihong and Xu, Jiaming},
  journal={IEEE Transactions on Information Theory},
  volume={62},
  number={5},
  pages={2788--2797},
  year={2016},
  publisher={IEEE}
}
@article{abbe2017community,
	title={Community detection and stochastic block models: recent developments},
	author={Abbe, Emmanuel},
	journal={The Journal of Machine Learning Research},
	volume={18},
	number={1},
	pages={6446--6531},
	year={2017},
	publisher={JMLR. org}
}
@article{zhang2016,
	author = "Zhang, Anderson Y. and Zhou, Harrison H.",
	doi = "10.1214/15-AOS1428",
	fjournal = "Annals of Statistics",
	journal = "Ann. Statist.",
	month = "10",
	number = "5",
	pages = "2252--2280",
	publisher = "The Institute of Mathematical Statistics",
	title = "Minimax rates of community detection in stochastic block models",
	url = "https://doi.org/10.1214/15-AOS1428",
	volume = "44",
	year = "2016"
}


@article{hajek2016achieving,
  title={Achieving exact cluster recovery threshold via semidefinite programming},
  author={Hajek, Bruce and Wu, Yihong and Xu, Jiaming},
  journal={IEEE Transactions on Information Theory},
  volume={62},
  number={5},
  pages={2788--2797},
  year={2016},
  publisher={IEEE}
}
@article{holland1977method,
 ISSN = {00029602, 15375390},
 URL = {http://www.jstor.org/stable/2775735},
 abstract = {The authors focus on developing standardized measures for models of structure in interpersonal relations. A theorem is presented which yields expectations and variances for measures based on triads. Random models for these measures are discussed and the procedure is carried out for a model of a partial order. This model contains as special cases a number of previously suggested models, including the structural balance model of Cartwright and Harary, Davis's clustering model, and the ranked-clusters model of Davis and Leinhardt. In an illustrative exmaple, eight sociograms are analyzed and the general model is compared with the special case of ranked clusters.},
 author = {Paul W. Holland and Samuel Leinhardt},
 journal = {American Journal of Sociology},
 number = {3},
 pages = {492--513},
 publisher = {University of Chicago Press},
 title = {A Method for Detecting Structure in Sociometric Data},
 volume = {76},
 year = {1970}
}
@article{lei2015consistency,
  title={Consistency of spectral clustering in stochastic block models},
  author={Lei, Jing and Rinaldo, Alessandro and others},
  journal={The Annals of Statistics},
  volume={43},
  number={1},
  pages={215--237},
  year={2015},
  publisher={Institute of Mathematical Statistics}
}
@techreport{wang2019tightness,
  title={On the tightness of SDP relaxations of QCQPs},
  author={Wang, Alex L and K{\i}l{\i}n{\c{c}}-Karzan, Fatma},
  year={2019},
  institution={Tech. Rep}
}

@inproceedings{potts1952some,
  title={Some generalized order-disorder transformations},
  author={Potts, Renfrey Burnard},
  booktitle={Mathematical proceedings of the cambridge philosophical society},
  volume={48},
  number={1},
  pages={106--109},
  year={1952},
  organization={Cambridge University Press}
}
@article{holland1983stochastic,
  title={Stochastic blockmodels: First steps},
  author={Holland, Paul W and Laskey, Kathryn Blackmond and Leinhardt, Samuel},
  journal={Social networks},
  volume={5},
  number={2},
  pages={109--137},
  year={1983},
  publisher={Elsevier}
}
@misc{ye2020exact,
    title={Exact recovery and sharp thresholds of Stochastic Ising Block Model},
    author={Min Ye},
    year={2020},
    journal={arXiv preprint arXiv:2004.05944},
}
@incollection{rendl2010semidefinite,
  title={Semidefinite relaxations for integer programming},
  author={Rendl, Franz},
  booktitle={50 Years of Integer Programming 1958-2008},
  pages={687--726},
  year={2010},
  publisher={Springer}
}
@article{dong2020graph,
	title={Graph signal processing for machine learning: A review and new perspectives},
	author={Dong, Xiaowen and Thanou, Dorina and Toni, Laura and Bronstein, Michael and Frossard, Pascal},
	journal={IEEE Signal Processing Magazine},
	volume={37},
	number={6},
	pages={117--127},
	year={2020},
	publisher={IEEE}
}
@article{zhang2016community,
	title={Community detection in networks with node features},
	author={Zhang, Yuan and Levina, Elizaveta and Zhu, Ji and others},
	journal={Electronic Journal of Statistics},
	volume={10},
	number={2},
	pages={3153--3178},
	year={2016},
	publisher={The Institute of Mathematical Statistics and the Bernoulli Society}
}
@inproceedings{mossel2016local,
	title={Local algorithms for block models with side information},
	author={Mossel, Elchanan and Xu, Jiaming},
	booktitle={Proceedings of the 2016 ACM Conference on Innovations in Theoretical Computer Science},
	pages={71--80},
	year={2016}
}
@article{tomamichel2017operational,
  title={Operational interpretation of R{\'e}nyi information measures via composite hypothesis testing against product and Markov distributions},
  author={Tomamichel, Marco and Hayashi, Masahito},
  journal={IEEE Transactions on Information Theory},
  volume={64},
  number={2},
  pages={1064--1082},
  year={2017},
  publisher={IEEE}
}
@article{sznajd2000opinion,
  title={Opinion evolution in closed community},
  author={Sznajd-Weron, Katarzyna and Sznajd, Jozef},
  journal={International Journal of Modern Physics C},
  volume={11},
  number={06},
  pages={1157--1165},
  year={2000},
  publisher={World Scientific}
}
@article{abbe2015exact,
  title={Exact recovery in the stochastic block model},
  author={Abbe, Emmanuel and Bandeira, Afonso S and Hall, Georgina},
  journal={IEEE Transactions on Information Theory},
  volume={62},
  number={1},
  pages={471--487},
  year={2015},
  publisher={IEEE}
}
@article{Newman8577,
	author = {Newman, M. E. J.},
	title = {Modularity and community structure in networks},
	volume = {103},
	number = {23},
	pages = {8577--8582},
	year = {2006},
	doi = {10.1073/pnas.0601602103},
	publisher = {National Academy of Sciences},
	issn = {0027-8424},
	URL = {https://www.pnas.org/content/103/23/8577},
	eprint = {https://www.pnas.org/content/103/23/8577.full.pdf},
	journal = {Proceedings of the National Academy of Sciences}
}
@article{ising1925beitrag,
  title={Beitrag zur theorie des ferromagnetismus},
  author={Ising, Ernst},
  journal={Zeitschrift f{\"u}r Physik},
  volume={31},
  number={1},
  pages={253--258},
  year={1925},
  publisher={Springer}
}
@article{newman2016equivalence,
	title={Equivalence between modularity optimization and maximum likelihood methods for community detection},
	author={Newman, Mark EJ},
	journal={Physical Review E},
	volume={94},
	number={5},
	pages={052315},
	year={2016},
	publisher={APS}
}

@book{boyd2011distributed,
  title={Distributed optimization and statistical learning via the alternating direction method of multipliers},
  author={Boyd, Stephen and Parikh, Neal and Chu, Eric},
  year={2011},
  publisher={Now Publishers Inc}
}
@article{clauset2004finding,
  title={Finding community structure in very large networks},
  author={Clauset, Aaron and Newman, Mark EJ and Moore, Cristopher},
  journal={Physical review E},
  volume={70},
  number={6},
  pages={066111},
  year={2004},
  publisher={APS}
}
@article{liu2010detecting,
  title={Detecting community structure in complex networks using simulated annealing with k-means algorithms},
  author={Liu, Jian and Liu, Tingzhan},
  journal={Physica A: Statistical Mechanics and its Applications},
  volume={389},
  number={11},
  pages={2300--2309},
  year={2010},
  publisher={Elsevier}
}
@inproceedings{he2016fast,
  title={A fast simulated annealing strategy for community detection in complex networks},
  author={He, Jialin and Chen, Duanbing and Sun, Chongjing},
  booktitle={2016 2nd IEEE International Conference on Computer and Communications (ICCC)},
  pages={2380--2384},
  year={2016},
  organization={IEEE}
}
@article{Abbe17,
  author  = {Emmanuel Abbe},
  title   = {Community Detection and Stochastic Block Models: Recent Developments},
  journal = {Journal of Machine Learning Research},
  year    = {2018},
  volume  = {18},
  number  = {177},
  pages   = {1-86},
  url     = {http://jmlr.org/papers/v18/16-480.html}
}
@article{feng2021,
  title={Exact Recovery of Stochastic Block Model by Ising Model},
  author={Feng Zhao and Min Ye and Shao-Lun Huang},
  journal={Entropy},
  year={2021},
  volume={23},
  number={65}
}
@article{banerjee2008model,
  title={Model selection through sparse maximum likelihood estimation for multivariate Gaussian or binary data},
  author={Banerjee, Onureena and Ghaoui, Laurent El and d’Aspremont, Alexandre},
  journal={Journal of Machine learning research},
  volume={9},
  number={Mar},
  pages={485--516},
  year={2008}
}
@book{cover1999elements,
	title={Elements of information theory},
	author={Cover, Thomas M},
	year={1999},
	publisher={John Wiley \& Sons}
}
@article{mossel2016,
author = "Mossel, Elchanan and Neeman, Joe and Sly, Allan",
doi = "10.1214/16-EJP4185",
fjournal = "Electronic Journal of Probability",
journal = "Electron. J. Probab.",
pages = "24 pp.",
pno = "21",
publisher = "The Institute of Mathematical Statistics and the Bernoulli Society",
title = "Consistency thresholds for the planted bisection model",
url = "https://doi.org/10.1214/16-EJP4185",
volume = "21",
year = "2016"
}
@article{liu2017log,
	title={On the Log Partition Function of Ising Model on Stochastic Block Model},
	author={Liu, Lu},
	journal={arXiv preprint arXiv:1710.05287},
	year={2017}
}
@article{erdHos1960evolution,
	title={On the evolution of random graphs},
	author={Erd{\H{o}}s, Paul and R{\'e}nyi, Alfr{\'e}d},
	journal={Publ. Math. Inst. Hung. Acad. Sci},
	volume={5},
	number={1},
	pages={17--60},
	year={1960}
}
@article{berthet2019exact,
	title={Exact recovery in the Ising blockmodel},
	author={Berthet, Quentin and Rigollet, Philippe and Srivastava, Piyush and others},
	journal={Annals of Statistics},
	volume={47},
	number={4},
	pages={1805--1834},
	year={2019},
	publisher={Institute of Mathematical Statistics}
}
@article{fortunato2010community,
	title={Community detection in graphs},
	author={Fortunato, Santo},
	journal={Physics reports},
	volume={486},
	number={3-5},
	pages={75--174},
	year={2010},
	publisher={Elsevier}
}
@article{cline2007integration,
	title={Integration of biological networks and gene expression data using Cytoscape},
	author={Cline, Melissa S and Smoot, Michael and Cerami, Ethan and Kuchinsky, Allan and Landys, Nerius and Workman, Chris and Christmas, Rowan and Avila-Campilo, Iliana and Creech, Michael and Gross, Benjamin and others},
	journal={Nature protocols},
	volume={2},
	number={10},
	pages={2366},
	year={2007},
	publisher={Nature Publishing Group}
}
@article{feng2015personalized,
	title={Personalized recommendations based on time-weighted overlapping community detection},
	author={Feng, Haoyuan and Tian, Jin and Wang, Harry Jiannan and Li, Minqiang},
	journal={Information \& Management},
	volume={52},
	number={7},
	pages={789--800},
	year={2015},
	publisher={Elsevier}
}
@article{hendrickson2000graph,
	title={Graph partitioning models for parallel computing},
	author={Hendrickson, Bruce and Kolda, Tamara G},
	journal={Parallel computing},
	volume={26},
	number={12},
	pages={1519--1534},
	year={2000},
	publisher={Elsevier}
}
@inproceedings{abbe2015community,
  title={Community detection in general stochastic block models: Fundamental limits and efficient algorithms for recovery},
  author={Abbe, Emmanuel and Sandon, Colin},
  booktitle={2015 IEEE 56th Annual Symposium on Foundations of Computer Science},
  pages={670--688},
  year={2015},
  organization={IEEE}
}

@article{granville1994simulated,
  title={Simulated annealing: A proof of convergence},
  author={Granville, Vincent and Kriv{\'a}nek, Mirko and Rasson, J-P},
  journal={IEEE transactions on pattern analysis and machine intelligence},
  volume={16},
  number={6},
  pages={652--656},
  year={1994},
  publisher={IEEE}
}
@book{ad_li,
  title={高等代数学},
  author={姚慕生，吴泉水},
  year={2002},
  publisher={复旦大学出版社}
}
@inproceedings{fei2019achieving,
	title={Achieving the bayes error rate in stochastic block model by sdp, robustly},
	author={Fei, Yingjie and Chen, Yudong},
	booktitle={Conference on Learning Theory},
	pages={1235--1269},
	year={2019},
	organization={PMLR}
}
@article{yun2014accurate,
	title={Accurate community detection in the stochastic block model via spectral algorithms},
	author={Yun, Se-Young and Proutiere, Alexandre},
	journal={arXiv preprint arXiv:1412.7335},
	year={2014}
}